@article{nason2006stationary,
  title     = {Stationary and non-stationary time series},
  author    = {Nason, Guy P},
  journal   = {Statistics in volcanology},
  volume    = {60},
  year      = {2006},
  publisher = {Geological Society of London, London}
}

@inproceedings{chi2018stock,
  title        = {Stock price forecasting based on time series analysis},
  author       = {Chi, Wan Le},
  booktitle    = {AIP Conference Proceedings},
  volume       = {1967},
  number       = {1},
  pages        = {040032},
  year         = {2018},
  organization = {AIP Publishing LLC}
}

@article{samimi2009long,
  title     = {Long memory forecasting of stock price index using a fractionally differenced ARMA model},
  author    = {Samimi, Alireza Erfani Ahmad Jafari},
  journal   = {Journal of Applied sciences research},
  volume    = {5},
  number    = {10},
  pages     = {1721--1731},
  year      = {2009},
  publisher = {Citeseer}
}

@article{mondal2014study,
  title     = {Study of effectiveness of time series modeling (ARIMA) in forecasting stock prices},
  author    = {Mondal, Prapanna and Shit, Labani and Goswami, Saptarsi},
  journal   = {International Journal of Computer Science, Engineering and Applications},
  volume    = {4},
  number    = {2},
  pages     = {13},
  year      = {2014},
  publisher = {Academy \& Industry Research Collaboration Center (AIRCC)}
}

@inproceedings{hua2020bitcoin,
  title        = {Bitcoin price prediction using ARIMA and LSTM},
  author       = {Hua, Yiqing},
  booktitle    = {E3S Web of Conferences},
  volume       = {218},
  pages        = {01050},
  year         = {2020},
  organization = {EDP Sciences}
}

@article{nakamoto2008bitcoin,
  title   = {Bitcoin: A peer-to-peer electronic cash system [White Paper]},
  author  = {Nakamoto, Satoshi},
  url     = {https://bitcoin.org/bitcoin.pdf},
  urldate = {2022-12-28},
  year    = {2008}
}

@online{CoinMarketCap,
  author   = {{CoinMarketCap}},
  title    = {Global Cryptocurrency Charts},
  subtitle = {Total Cryptocurrency Market Cap. The graph shows the total market cap of all cryptoassets, including stablecoins and tokens.},
  urldate  = {2022-12-28},
  url      = {https://coinmarketcap.com/charts/}
}

@article{macdonell2014popping,
  title   = {Popping the Bitcoin bubble: An application of log-periodic power law modeling to digital currency},
  author  = {MacDonell, Alec and others},
  journal = {University of Notre Dame working paper},
  pages   = {1--33},
  year    = {2014}
}

@inproceedings{garg2018autoregressive,
  title        = {Autoregressive integrated moving average model based prediction of bitcoin close price},
  author       = {Garg, Shruti and others},
  booktitle    = {2018 international conference on smart systems and inventive technology (ICSSIT)},
  pages        = {473--478},
  year         = {2018},
  organization = {IEEE}
}

@inproceedings{xu2019anatomy,
  title     = {The Anatomy of a Cryptocurrency Pump-and-Dump Scheme},
  author    = {Xu, Jiahua and Livshits, Benjamin},
  booktitle = {28th USENIX Security Symposium (USENIX Security 19)},
  pages     = {1609--1625},
  year      = {2019}
}

@article{abu2017autoregressive,
  title   = {Autoregressive integrated moving average (ARIMA) model for forecasting cryptocurrency exchange rate in high volatility environment: A new insight of bitcoin transaction},
  author  = {Abu Bakar, Nashirah and Rosbi, Sofian},
  journal = {International Journal of Advanced Engineering Research and Science},
  volume  = {4},
  number  = {11},
  pages   = {130--137},
  year    = {2017}
}

@misc{yfinance,
  author  = {Ran Aroussi},
  title   = {yfinance},
  year    = {2021},
  url     = {https://github.com/ranaroussi/yfinance},
  urldate = {2023-01-07}
}

@misc{trading_robot,
  author  = {Matas Kaminskas},
  title   = {trading robot},
  year    = {2023},
  url     = {https://github.com/borada-bit/trading_robot},
  urldate = {2023-02-06}
}

@misc{binanceKlines,
  author  = {Binance},
  title   = {Binance API Klines data},
  year    = {2022},
  url     = {https://data.binance.vision/?prefix=data/spot/monthly/klines/},
  urldate = {2022-12-29}
}

@article{makridakis1997arma,
  title     = {ARMA models and the Box--Jenkins methodology},
  author    = {Makridakis, Spyros and Hibon, Michele},
  journal   = {Journal of forecasting},
  volume    = {16},
  number    = {3},
  pages     = {147--163},
  year      = {1997},
  publisher = {Wiley Online Library}
}

@inproceedings{seabold2010statsmodels,
  title     = {statsmodels: Econometric and statistical modeling with python},
  author    = {Seabold, Skipper and Perktold, Josef},
  booktitle = {9th Python in Science Conference},
  year      = {2010},
  urldate   = {2023-01-12}
}

@misc{pmdarima,
  author   = {Taylor G. Smith and others},
  title    = {{pmdarima}: ARIMA estimators for {Python}},
  year     = {2017--},
  url      = {http://www.alkaline-ml.com/pmdarima},
  url_date = {2023-01-12}
}

@article{misevivcius2009euristiniku,
  title   = {Euristini{\k{u}} algoritm{\k{u}} klasifikavimas},
  author  = {Misevi{\v{c}}ius, Alfonsas and Buk{\v{s}}naitis, Vytautas and Blonskis, Jonas},
  journal = {Information \& Media},
  volume  = {48},
  pages   = {117--126},
  year    = {2009}
}

@article{carl2020ethereum,
  title   = {Ethereum gas price statistics},
  author  = {Carl, David and Ewerhart, Christian},
  journal = {University of Zurich, Department of Economics, Working Paper},
  number  = {373},
  year    = {2020}
}

@article{hurst2017century,
  title     = {A century of evidence on trend-following investing},
  author    = {Hurst, Brian and Ooi, Yao Hua and Pedersen, Lasse Heje},
  journal   = {The Journal of Portfolio Management},
  volume    = {44},
  number    = {1},
  pages     = {15--29},
  year      = {2017},
  publisher = {Institutional Investor Journals Umbrella}
}

@article{voltaprofitable,
  title  = {Profitable Algorithmic Trading Strategies in Mean-Reverting Markets},
  author = {Volta, Vittoria}
}
